@inproceedings{treedoc,
  TITLE = {{A commutative replicated data type for cooperative editing}},
  AUTHOR = {Pregui{\c c}a, Nuno and Marqu{\`e}s, Joan Manuel and Shapiro, Marc and Le»õia, Mihai},
  URL = {https://hal.inria.fr/inria-00445975},
  BOOKTITLE = {{29th IEEE International Conference on Distributed Computing Systems (ICDCS 2009)}},
  ADDRESS = {Montreal, Qu{\'e}bec, Canada},
  PUBLISHER = {{IEEE Computer Society}},
  PAGES = {395-403},
  YEAR = {2009},
  MONTH = Jun,
  DOI = {10.1109/ICDCS.2009.20},
  PDF = {https://hal.inria.fr/inria-00445975/file/icdcs09-treedoc.pdf},
  HAL_ID = {inria-00445975},
  HAL_VERSION = {v1},
}

@inproceedings{crate,
  title={CRATE: Writing Stories Together with our Browsers},
  author={N{\'e}delec, Brice and Molli, Pascal and Mostefaoui, Achour},
  booktitle={Proceedings of the 25th International Conference Companion on World Wide Web},
  pages={231--234},
  year={2016},
  organization={International World Wide Web Conferences Steering Committee}
}

@misc{fiduswriter,
title = {Fidus Writer},
month = mar,
year = {2013 (accessed May 6, 2017)},
howpublished = "\url{https://www.fiduswriter.org/}"
}

@article{lamportshappensbefore,
  title={Time, clocks, and the ordering of events in a distributed system},
  author={Lamport, Leslie},
  journal={Communications of the ACM},
  volume={21},
  number={7},
  pages={558--565},
  year={1978},
  publisher={ACM}
}

@incollection{baconOS,
  title={Operating systems: concurrent and distributed software design},
  author={Bacon, Jean and Harris, Tim},
  year={2003},
  publisher={Pearson Education},
  chapter={23.3},
  pages={602-603}
}

@article{CAP,
 author = {Gilbert, Seth and Lynch, Nancy},
 title = {Brewer's Conjecture and the Feasibility of Consistent, Available, Partition-tolerant Web Services},
 journal = {SIGACT News},
 issue_date = {June 2002},
 volume = {33},
 number = {2},
 month = jun,
 year = {2002},
 issn = {0163-5700},
 pages = {51--59},
 numpages = {9},
 url = {http://doi.acm.org/10.1145/564585.564601},
 doi = {10.1145/564585.564601},
 acmid = {564601},
 publisher = {ACM},
 address = {New York, NY, USA},
}

@ARTICLE{brewer, 
author={E. Brewer}, 
journal={Computer}, 
title={CAP twelve years later: How the "rules" have changed}, 
year={2012}, 
volume={45}, 
number={2}, 
pages={23-29}, 
keywords={theorem proving;CAP theorem;Software Engineering Radio;Web extra;consistency-availability-partition tolerance theorem;networked shared-data system;partition handling;Cloud computing;Data processing;Distributed databases;Relational databases;ACID;BASE;CAP theorem;cloud computing}, 
doi={10.1109/MC.2012.37}, 
ISSN={0018-9162}, 
month={Feb},}

@article{kleppmann,
  author    = {Martin Kleppmann},
  title     = {A Critique of the {CAP} Theorem},
  journal   = {CoRR},
  volume    = {abs/1509.05393},
  year      = {2015},
  url       = {http://arxiv.org/abs/1509.05393},
  timestamp = {Thu, 01 Oct 2015 14:28:48 +0200},
  biburl    = {http://dblp.uni-trier.de/rec/bib/journals/corr/Kleppmann15},
  bibsource = {dblp computer science bibliography, http://dblp.org}
}

@Inbook{crdt,
author="Shapiro, Marc
and Pregui{\c{c}}a, Nuno
and Baquero, Carlos
and Zawirski, Marek",
editor="D{\'e}fago, Xavier
and Petit, Franck
and Villain, Vincent",
title="Conflict-Free Replicated Data Types",
bookTitle="Stabilization, Safety, and Security of Distributed Systems: 13th International Symposium, SSS 2011, Grenoble, France, October 10-12, 2011. Proceedings",
year="2011",
publisher="Springer Berlin Heidelberg",
address="Berlin, Heidelberg",
pages="386--400",
isbn="978-3-642-24550-3",
doi="10.1007/978-3-642-24550-3_29",
url="http://dx.doi.org/10.1007/978-3-642-24550-3_29"
}

@article{deltacrdts,
  author    = {Paulo S{\'{e}}rgio Almeida and
               Ali Shoker and
               Carlos Baquero},
  title     = {Delta State Replicated Data Types},
  journal   = {CoRR},
  volume    = {abs/1603.01529},
  year      = {2016},
  url       = {http://arxiv.org/abs/1603.01529},
  timestamp = {Sat, 02 Apr 2016 11:49:48 +0200},
  biburl    = {http://dblp.uni-trier.de/rec/bib/journals/corr/AlmeidaSB16},
  bibsource = {dblp computer science bibliography, http://dblp.org}
}

@inproceedings{logoot,
  title={Logoot: A scalable optimistic replication algorithm for collaborative editing on {P2P} networks},
  author={Weiss, St{\'e}phane and Urso, Pascal and Molli, Pascal},
  booktitle={Distributed Computing Systems, 2009. ICDCS'09. 29th IEEE International Conference on},
  pages={404--412},
  year={2009},
  organization={IEEE}
}

@article{rga,
title = "Replicated abstract data types: Building blocks for collaborative applications ",
journal = "Journal of Parallel and Distributed Computing ",
volume = "71",
number = "3",
pages = "354 - 368",
year = "2011",
note = "",
issn = "0743-7315",
doi = "https://doi.org/10.1016/j.jpdc.2010.12.006",
url = "http://www.sciencedirect.com/science/article/pii/S0743731510002716",
author = "Hyun-Gul Roh and Myeongjae Jeon and Jin-Soo Kim and Joonwon Lee",
keywords = "Distributed data structures",
keywords = "Optimistic replication",
keywords = "Replicated abstract data types",
keywords = "Optimistic algorithm",
keywords = "Collaboration "
}

@techreport{shapstudy,
  title={A comprehensive study of convergent and commutative replicated data types},
  author={Shapiro, Marc and Pregui{\c{c}}a, Nuno and Baquero, Carlos and Zawirski, Marek},
  year={2011},
  school={Inria--Centre Paris-Rocquencourt; INRIA}
}

@inproceedings{lseq,
  title={{LSEQ}: an adaptive structure for sequences in distributed collaborative editing},
  author={N{\'e}delec, Brice and Molli, Pascal and Mostefaoui, Achour and Desmontils, Emmanuel},
  booktitle={Proceedings of the 2013 ACM symposium on Document engineering},
  pages={37--46},
  year={2013},
  organization={ACM}
}

@techreport{torpaper,
  title={Tor: The second-generation onion router},
  author={Dingledine, Roger and Mathewson, Nick and Syverson, Paul},
  year={2004},
  institution={DTIC Document}
}

@misc{torrendspec,
title = {Tor Rendezvous Specification},
month = dec,
year = {2017 (accessed May 6, 2017)},
howpublished = "\url{https://gitweb.torproject.org/torspec.git/tree/rend-spec.txt}"
}

@inproceedings{hlseq,
  title={Concurrency effects over variable-size identifiers in distributed collaborative editing},
  author={N{\'e}delec, Brice and Molli, Pascal and Mostefaoui, Achour and Desmontils, Emmanuel},
  booktitle={Document Changes: Modeling, Detection, Storage and Visualization},
  volume={1008},
  pages={0--7},
  year={2013}
}

@ARTICLE{logootundo, 
author={S. Weiss and P. Urso and P. Molli}, 
journal={IEEE Transactions on Parallel and Distributed Systems}, 
title={Logoot-Undo: Distributed Collaborative Editing System on {P2P} Networks}, 
year={2010}, 
volume={21}, 
number={8}, 
pages={1162-1174}, 
keywords={algorithm theory;groupware;peer-to-peer computing;Logoot-Undo CRDT algorithm;collaborative editing;distributed system;peer-to-peer system;CRDT.;Collaborative editing;P2P;group undo;optimistic replication;scalability}, 
doi={10.1109/TPDS.2009.173}, 
ISSN={1045-9219}, 
month={Aug},}

@article{undoatanytime,
  title={Undo as concurrent inverse in group editors},
  author={Sun, Chengzheng},
  journal={ACM Transactions on Computer-Human Interaction (TOCHI)},
  volume={9},
  number={4},
  pages={309--361},
  year={2002},
  publisher={ACM}
}

@inproceedings{ccm,
  title={On the security of CTR+ CBC-MAC},
  author={Jonsson, Jakob},
  booktitle={International Workshop on Selected Areas in Cryptography},
  pages={76--93},
  year={2002},
  organization={Springer}
}

@Inbook{stringed,
author="Yu, Weihai
and Andr{\'e}, Luc
and Ignat, Claudia-Lavinia",
editor="Bessani, Alysson
and Bouchenak, Sara",
title="A CRDT Supporting Selective Undo for Collaborative Text Editing",
bookTitle="Distributed Applications and Interoperable Systems: 15th IFIP WG 6.1 International Conference, DAIS 2015, Held as Part of the 10th International Federated Conference on Distributed Computing Techniques, DisCoTec 2015, Grenoble, France, June 2-4, 2015, Proceedings",
year="2015",
publisher="Springer International Publishing",
address="Cham",
pages="193--206",
isbn="978-3-319-19129-4",
doi="10.1007/978-3-319-19129-4_16",
url="http://dx.doi.org/10.1007/978-3-319-19129-4_16"
}

@phdthesis{spray,
  title={Spray: an Adaptive Random Peer Sampling Protocol},
  author={N{\'e}delec, Brice and Tanke, Julian and Frey, Davide and Molli, Pascal and Mostefaoui, Achour},
  year={2015},
  school={LINA-University of Nantes; INRIA Rennes-Bretagne Atlantique}
}
